@unknown{Nag20,
author = {Nag, Suryadeepto and Basu, Sankarshan and Chakrabarty, Siddhartha},
year = {2022},
month = {10},
pages = {159-171},
volume = {20},
title = {Modeling the commodity prices of base metals in Indian commodity market using a Higher Order Markovian Approach}
}

@article{Ryan73,
 author = {Terence M. Ryan},
 journal = {The Journal of Financial and Quantitative Analysis},
 number = {1},
 pages = {17-36},
 publisher = {[Cambridge University Press, University of Washington School of Business Administration]},
 title = {Security Prices as Markov Processes},
 urldate = {2022-08-01},
 volume = {8},
 year = {1973}
}

